<?xml version="1.0" encoding="UTF-8"?><collection xmlns="http://www.loc.gov/MARC21/slim"><record><leader>00475nam--2200181-i-4500</leader><controlfield tag="001">000023729</controlfield><controlfield tag="002">20161230</controlfield><controlfield tag="005">20161230201035</controlfield><controlfield tag="008">060222s1000------------r-----000-0-eng-d</controlfield><datafield ind1=" " ind2=" " tag="040"><subfield code="a">IFIN-HH</subfield></datafield><datafield ind1=" " ind2=" " tag="080"><subfield code="a">532.001</subfield></datafield><datafield ind1="1" ind2=" " tag="100"><subfield code="a">Hansen, Jean Pierre</subfield></datafield><datafield ind1="1" ind2="0" tag="245"><subfield code="a">Theory of simple liquids</subfield><subfield code="c">Jean Pierre Hansen, Ian R. McDonald</subfield></datafield><datafield ind1=" " ind2=" " tag="260"><subfield code="a">London, Academic Press, 1976</subfield></datafield><datafield ind1=" " ind2=" " tag="300"><subfield code="a">395 P</subfield></datafield><datafield ind1="1" ind2=" " tag="700"><subfield code="a">McDonald, Ian R</subfield></datafield><datafield ind1=" " ind2=" " tag="852"><subfield code="a">45329</subfield><subfield code="c">532</subfield></datafield><datafield ind1=" " ind2=" " tag="CAT"><subfield code="a">Sys</subfield><subfield code="c">20100721</subfield><subfield code="h">100714</subfield></datafield></record></collection>